<record><leader>00000cas a22000007a 4500</leader><controlfield tag="001">1697041</controlfield><controlfield tag="008">751012d18821969nduwr ne      0    0eng d</controlfield><controlfield tag="009">501</controlfield><datafield ind1=" " ind2=" " tag="010"><subfield code="a">sn 89074023 </subfield></datafield><datafield ind1=" " ind2=" " tag="040"><subfield code="a">MUL</subfield><subfield code="b">eng</subfield><subfield code="c">MUL</subfield><subfield code="d">NOP</subfield></datafield><datafield ind1="1" ind2=" " tag="029"><subfield code="a">AU@</subfield><subfield code="b">000025870660</subfield></datafield><datafield ind1=" " ind2=" " tag="042"><subfield code="a">msc</subfield></datafield><datafield ind1="0" ind2=" " tag="130"><subfield code="a">Larimore pioneer (Larimore, N.D. : 1882)</subfield></datafield><datafield ind1="0" ind2="4" tag="245"><subfield code="a">The Larimore pioneer.</subfield></datafield><datafield ind1=" " ind2=" " tag="260"><subfield code="a">Larimore, Dakota [N.D.] :</subfield><subfield code="b">W.M. Scott &amp; Co.,</subfield></datafield><datafield ind1=" " ind2=" " tag="300"><subfield code="a">87 v. :</subfield><subfield code="b">ill. ;</subfield><subfield code="c">45-55 cm.</subfield></datafield><datafield ind1=" " ind2=" " tag="310"><subfield code="a">Weekly</subfield></datafield><datafield ind1="0" ind2=" " tag="362"><subfield code="a">Vol.1, no. 1 (Feb. 21, 1882)-v. 87, no. 53 (Nov. 27, 1969).</subfield></datafield><datafield ind1=" " ind2=" " tag="500"><subfield code="a">Official paper:  City, 1884-1887, 1889-1896, 1899-1901; County, 1889-1891, 1893-1896, 1899.</subfield></datafield><datafield ind1=" " ind2=" " tag="500"><subfield code="a">Issued "The Larimore Pioneer Daily", June 12-14, 1900.</subfield></datafield><datafield ind1=" " ind2=" " tag="530"><subfield code="a">Available on microfilm from the State Historical Society of North Dakota.</subfield></datafield><datafield ind1=" " ind2=" " tag="580"><subfield code="a">Includes section:  Niagara pioneer, Oct. 23, 1913-Oct. 22, 1914.</subfield></datafield><datafield ind1=" " ind2=" " tag="580"><subfield code="a">Issued with:  Kempton reporter, June 17-Dec. 23, 1926.</subfield></datafield><datafield ind1="0" ind2=" " tag="730"><subfield code="t">Niagara pioneer.</subfield></datafield><datafield ind1="0" ind2=" " tag="770"><subfield code="t">Nor'wester</subfield><subfield code="w">(DLC)sn 88076766</subfield></datafield><datafield ind1="1" ind2=" " tag="777"><subfield code="t">Kempton reporter</subfield><subfield code="w">(DLC)sn 89074421</subfield></datafield><datafield ind1="0" ind2="4" tag="785"><subfield code="t">Gleanor (Northwood, N.D.)</subfield><subfield code="w">(DLC)sn 88076340</subfield></datafield></record>